@Book{berk2014corporate,
author = {Berk, Jonathan B. and DeMarzo, Peter M.},
title = {Corporate Finance},
year = {2013},
edition = {3rd},
publisher = {Pearson},
address = {Boston},
isbn = {978-0132992473}
}

@Book{bodie2014investments,
	author = {Bodie, Zvi and Kane, Alex and Marcus, Alen J.},
	title = {Investments},
	publisher = {McGraw-Hill Education},
	year = {2014},
	address = {New York},
	isbn = {978-0077861674}
}

@article{lasdon_fox_ratner_1974,
	title={Nonlinear optimization using the generalized reduced gradient method},
	volume={3},
	journal={RAIRO},
	author={Lasdon, L.S. and Fox, R.L. and Ratner, M.W.},
	year={1974},
	pages={73-104}	
}

@misc{gold_s,
	 url={http://www.indexmundi.com/commodities/?commodity=gold},
	 journal={Indexmundi.com},
	 year={2017}
}

@misc{crude_s,
	 url={http://www.fedprimerate.com/crude-oil-price-history.htm},
	 journal={Fedprimerate.com},
	 year={2017}
}

@misc{reit_s,
	 url={https://finance.yahoo.com/quote/VNQ},
	 journal={Finance.yahoo.com},
	 year={2017}
}

@misc{goog_s,
	 url={https://finance.yahoo.com/quote/GOOG/},
	 journal={Finance.yahoo.com},
	 year={2017}
}

@misc{bzf_s,
	 url={https://finance.yahoo.com/quote/BZF/},
	 journal={Finance.yahoo.com},
	 year={2017}
}

@misc{vfinx_s,
	 url={https://finance.yahoo.com/quote/VFINX},
	 journal={Finance.yahoo.com},
	 year={2017}
}

@misc{riskfree_s,
	url={https://www.treasury.gov/},
	journal={Treasury.gov},
	year={2017}
}

