@Manual{straddle,
  title = {Straddle Definition},
  author = {{Investopedia}},
  year = {2003},
  url = {http://www.investopedia.com/terms/s/straddle.asp},
}
@Manual{R-base,
  title = {R: A Language and Environment for Statistical Computing},
  author = {{R Core Team}},
  organization = {R Foundation for Statistical Computing},
  address = {Vienna, Austria},
  year = {2016},
  url = {https://www.R-project.org/},
}
@Manual{R-papaja,
  author = {Frederik Aust and Marius Barth},
  title = {papaja: Create APA manuscripts with RMarkdown},
  year = {2016},
  note = {R package version 0.1.0.9440},
  url = {https://github.com/crsh/papaja},
}
@Manual{R-data.table,
  title = {data.table: Extension of Data.frame},
  author = {M Dowle and A Srinivasan and T Short and S Lianoglou with contributions from R Saporta and E Antonyan},
  year = {2015},
  note = {R package version 1.9.6},
  url = {https://CRAN.R-project.org/package=data.table},
}
@Book{R-ggplot2,
  author = {Hadley Wickham},
  title = {ggplot2: Elegant Graphics for Data Analysis},
  publisher = {Springer-Verlag New York},
  year = {2009},
  isbn = {978-0-387-98140-6},
  url = {http://ggplot2.org},
}
@Manual{R-xlsx,
  title = {xlsx: Read, write, format Excel 2007 and Excel 97/2000/XP/2003 files},
  author = {Adrian A. Dragulescu},
  year = {2014},
  note = {R package version 0.5.7},
  url = {https://CRAN.R-project.org/package=xlsx},
}
@Manual{R-rJava,
  title = {rJava: Low-Level R to Java Interface},
  author = {Simon Urbanek},
  year = {2016},
  note = {R package version 0.9-8},
  url = {https://CRAN.R-project.org/package=rJava},
}
@Manual{R-xlsxjars,
  title = {xlsxjars: Package required POI jars for the xlsx package},
  author = {Adrian A. Dragulescu},
  year = {2014},
  note = {R package version 0.6.1},
  url = {https://CRAN.R-project.org/package=xlsxjars},
}
@Misc{yahoo_1,
  title={Yahoo Finance - business finance, stock market, quotes, news_2016},
  url={http://finance.yahoo.com/},
  urldate={2016-9-16},
  journal={Finance.yahoo.com},
  year={2016},
}
@Misc{sec_1,
  title={sec.gov | company search page_2016},
  url={https://www.sec.gov/edgar/searchedgar/companysearch.html},
  urldate={2016-9-16},
  journal={Sec.gov},
  year={2016},
}
@misc{sec_2,
 title={sec.org | information for ftp users - 2016},
 url={https://www.sec.gov/edgar/searchedgar/ftpusers.htm},
 urldate={2016-9-16},
 journal={Sec.gov},
 year={2016},
}
@Book{bodie,
 author={Bodie, Zvi and Kane, Alex and Marcus, Alan J},
 title={Investments},
}
@Book{berkdemarzo,
 author={Berk, Jonathan BDeMarzo, Peter M},
 title={Corporate finance},
}